@InProceedings{blockNested,
author = "{А.В. Сысоев, К.А. Баркалов, В.П. Гергель}",
title = {Блочная многошаговая схема параллельного решения задач многомерной глобальной оптимизации},
booktitle = {Материалы XIV Международной конференции "Высокопроизводительные параллельные вычисления на кластерных системах", 10-12 ноября, ПНИПУ, Пермь},
pages = {425–432},
year = {2014}
}
@InProceedings{examinArtcle,
author = "{Сысоев А.В. Баркалов К.А. Гергель В.П. Лебедев И.Г}",
title = {MPI-реализация блочной многошаговой схемы параллельного решения задач глобальной оптимизации},
booktitle = {Суперкомпьютерные дни в России: Труды международной конференции (28-29 сентября 2015 г., г. Москва)},
pages = {411-419},
year = {2015},
publisher = {М.: Изд-во МГУ}
}
@article{examinPhiArtcle,
author = "{К.А. Баркалов, И.Г. Лебедев, В.В. Соврасов, А.В. Сысоев}",
title = {Реализация параллельного алгоритма поиска глобального экстремума функции на Intel Xeon Phi},
journaltitle = {Вычислительные методы и программирование},
year = {2016},
pages = {101-110},
volume = {17}
}
@Book{gklsBook,
author = "{Квасов Д. Е., Сергеев Я. Д}",
title = {Исследование методов глобальной оптимизации при помощи генератора классов тестовых функций},
publisher = {Н.Новгород: Изд-во ННГУ},
year = {2011}
}
@Book{strOptBook,
author = "{Стронгин Р. Г}",
title = {«Численные методы в многоэкстремальных задачах (информационно-статистические алгоритмы)»},
publisher = {«Наука», М.},
year = {1978, 240 стр.}
}
@article{mixedAlg,
author = "{Д. Л. Маркин, Р. Г. Стронгин}",
title = {Метод решения многоэкстремальных задач с невыпуклыми ограничениями, использующий априорную информацию об оценках оптимума},
journaltitle = {Ж. вычисл. матем. и матем. физ.},
year = {1987},
pages = {52–62},
volume = {27:1}
}
@article{shiftedEvolvents,
author = "{Р. Г. Стронгин}",
title = {Параллельная многоэкстремальная оптимизация с использованием множества разверток},
journaltitle = {Ж. вычисл. матем. и матем. физ.},
year = {1991},
pages = {1173–1185},
volume = {31:8}
}
@article{rotatedEvolvents,
author = "{Р. Г. Стронгин, В. П. Гергель, К. А. Баркалов}",
title = {Параллельные методы решения задач глобальной оптимизации},
journaltitle = {Известия высших учебных заведений. Приборостроение},
year = {2009},
pages = {25-33},
volume = {№ 10 / том 52}
}
@article{minmaxheap,
author = "{M. D. Atkinson, J.R. Sack, N. Santoro, T. Strothotte}",
title = {Min-Max Heaps and Generalized Priority Queues},
journaltitle = {Communications of the ACM},
year = {1986},
pages = {996-1000},
volume = {29}
}
@Book{himmelblau,
author = "{Химмельблау Д. М.}",
title = {Прикладное нелинейное программирование},
publisher = {Издательство МИР, Москва},
year = {1975}
}

@article{optControl,
author = "{Д.В. Баландин М.М. Коган}",
title = {Оптимальное по Парето обобщенное \(H_2\)-управление и задачи виброзащиты},
journaltitle = {Автоматика и телемеханика},
publisher = {в печати},
year = {2017}
}

@misc{eigenLib,
  title = {{ API documentation for Eigen3}},
  howpublished = "\url{https://eigen.tuxfamily.org/dox/}",
  note = "[Online; accessed 26-December-2016]"
}

@BOOK{strongSerg,
   author       = "{Strongin R.G., Sergeyev Ya.D.}",
   year         = 2000,
   title        = {Global optimization with non-convex constraints. Sequential and parallel algorithms},
   publisher    = {Kluwer Academic Publishers},
   address      = "Dordrecht"
}

@book
{
	optHandbook,
	author    = "{Horst, R., Pardalos, P.M.}",
	title     = {Handbook of Global Optimization},
	publisher = {Kluwer Academic Publishers},
	address   = {Dordrecht},
	year      = 1995
}

@article
{
	nestedLocal,
	author  = "{Gergel, V., Grishagin, V., Israfilov, R.}",
	title   = {Local tuning in nested scheme of global optimization},
	journal = {Procedia Computer Science},
	year    = 2015,
	volume  = 51,
	pages   = {865--874}
}

@article
{
	sergLocalTuning,
	author  = "{Sergeyev, Y.D., Mukhametzhanov, M.S., Kvasov, D.E., Lera, D.}",
	title   = {Derivative-Free Local Tuning and Local Improvement Techniques Embedded in the Univariate Global Optimization},
	journal = {J Optim Theory Appl},
	year    = 2016,
	pages   = {1--23}
}

@InProceedings
{
	gergel2010,
	author    = "{Gergel, A.V.}",
	title     = {Parallel methods of multiextremal optimization with adaptive descision rules},
	booktitle = {Proceedings of conference of high perfomance computing on cluster systems (HPC-2010)},
	pages     = {152--159},
	year      = {2010},
	address   = {Perm},
	publisher = {PGTU publishers (In Russian)},
}

@article
{
	gergelGrishaginStringin2013,
	author  = "{Gergel, A.V., Grishagin, V.A., Strongin, R.G.}",
	title   = {Development of the parallel adaptive multistep reduction method},
	journal = {Vestn. Lobachevsky State Univ. Nizhni Novgorod},
	year    = 2013,
	volume  = 6,
	issue   = 1,
	pages   = {216--222}
}


@article
{
	grishaginClass,
	author    = {В.А. Гришагин},
	title     = {Операционные характеристики некоторых алгоритмов глобального поиска},
	journal   = {Проблемы случайного поиска},
	volume    = 7,
	year      = {1978},
	pages     = {198--206},
	publisher = {Зинатне},
	address   = {Рига}
}

@article
{
	gklsClass,
	author    = "{Gaviano, M., Kvasov, D.E., Lera, D., Sergeev, Ya.D.}",
	title     = {Software for generation of classes of test functions with known local and global minima for global optimization},
	journal   = {ACM Transactions on Mathematical Software},
	volume    = 29,
	number    = 4,
	year      = 2003,
	pages     = {469--480}
}

@article
{
	sergLocalTuningFirst,
	author    = "{Sergeev, Ya.D.}",
	title     = {An information global optimization algorithm with local tuning},
	journal   = {SIAM Journal on Optimization},
	volume    = 5,
	number    = 4,
	year      = 1995,
	pages     = {390--407}
}

@article
{
	butzCurves,
	author    = "{Butz, A.R.}",
	title     = {Space-Filling Curves and Mathematical Programming},
	journal   = {Inform. Control},
	volume    = 12,
	number    = 4,
	year      = 1968,
	pages     = {314--330}
}

@article
{
	mixedAlg,
	author    = "{Markin, D.L., Strongin, R.G.}",
	title     = {A method for solving multi-extremal problems with non-convex constraints, that uses a priori information about estimates of the optimum},
	journal   = {Computational Mathematics and Mathematical Physics},
	volume    = 27,
	number    = 1,
	year      = 1987,
	pages     = {33--39}
}

@book
{
	stronginBook,
	author    = {Strongin, R.G.},
	title     = {Numerical Methods in Multiextremal Problems (Information-StatisticalAlgorithms)},
	publisher = {Moscow: Nauka (In Russian)},
	year      = 1978
}

@book
{
	optParallelBook,
	author    = "{Strongin, R.G., Gergel, V.P., Grishagin, V.A., Barkalov, K.A.}",
	title     = {Parallel Computing for Global Optimization Problems},
	publisher = {Moscow University Press},
	address   = {Moscow (in Russian)},
	year      = 2013
}

@book
{
	evolvents2013,
	author    = "{Sergeyev, Y.D., Strongin, R.G., Lera, D.}",
	title     = {Introduction to Global Optimization Exploiting Space-Filling Curves},
	publisher = {Springer Briefs in Optimization},
	address   = {Springer, New York},
	year      = 2013
}
